<?xml version="1.0" encoding="UTF-8"?><collection xmlns="http://www.loc.gov/MARC21/slim"><record><leader>00363nam--2200145-i-4500</leader><controlfield tag="001">000025939</controlfield><controlfield tag="002">20161230</controlfield><controlfield tag="005">20161230201036</controlfield><controlfield tag="008">060222s1000------------r-----000-0-eng-d</controlfield><datafield ind1=" " ind2=" " tag="080"><subfield code="a">51(038)=40:801.323.1=40</subfield></datafield><datafield ind1=" " ind2=" " tag="100"><subfield code="a">Joly, Andre</subfield></datafield><datafield ind1=" " ind2=" " tag="245"><subfield code="a">Dictionnaire de mathematiques</subfield></datafield><datafield ind1=" " ind2=" " tag="260"><subfield code="a">Paris, Hachette, 1956. 252p</subfield></datafield><datafield ind1=" " ind2=" " tag="490"><subfield code="a">Classique Hachette</subfield></datafield><datafield ind1=" " ind2=" " tag="852"><subfield code="a">D.65</subfield></datafield></record></collection>